<?xml version="1.0" encoding="UTF-8"?><collection xmlns="http://www.loc.gov/MARC21/slim"><record><leader>00420nam--2200157-i-4500</leader><controlfield tag="001">000003489</controlfield><controlfield tag="002">20161230</controlfield><controlfield tag="005">20170219003829</controlfield><controlfield tag="008">060222s1000------------r-----000-0-eng-d</controlfield><datafield ind1=" " ind2=" " tag="100"><subfield code="a">Costescu, Dan</subfield></datafield><datafield ind1=" " ind2=" " tag="245"><subfield code="a">Produsi macromoleculari</subfield></datafield><datafield ind1=" " ind2=" " tag="260"><subfield code="a">/Bucuresti</subfield><subfield code="b">Ed.Tehnica</subfield><subfield code="c">1954</subfield></datafield><datafield ind1=" " ind2=" " tag="300"><subfield code="a">440 p.Cu Ilustr. + 1 Tab.+ Erata</subfield></datafield><datafield ind1=" " ind2=" " tag="700"><subfield code="a">Gavat, Ion</subfield></datafield><datafield ind1=" " ind2=" " tag="852"><subfield code="a">541.64:679.5:679.5:541.64</subfield></datafield><datafield ind1=" " ind2=" " tag="CAT"><subfield code="a">SYS</subfield><subfield code="c">20170219</subfield><subfield code="h">003829</subfield></datafield></record></collection>